@book{adams1995hitchhiker,
  title={The Hitchhiker's Guide to the Galaxy},
  author={Adams, D.},
  isbn={9781417642595},
  url={http://books.google.com/books?id=W-xMPgAACAAJ},
  year={1995},
  publisher={San Val}
}


@article{Decamp:1990jra,
      author         = "Decamp, D. and others",
      title          = "{ALEPH: A detector for electron-positron annnihilations
                        at LEP}",
      collaboration  = "ALEPH",
      journal        = "Nucl. Instrum. Meth.",
      volume         = "A294",
      year           = "1990",
      pages          = "121-178",
      doi            = "10.1016/0168-9002(90)91831-U",
      note           = "[Erratum: Nucl. Instrum. Meth.A303,393(1991)]",
      reportNumber   = "CERN-EP-90-25",
      SLACcitation   = "%%CITATION = NUIMA,A294,121;%%"
}

@article{Tripathee:2017ybi,
      author         = "Tripathee, Aashish and Xue, Wei and Larkoski, Andrew and
                        Marzani, Simone and Thaler, Jesse",
      title          = "{Jet Substructure Studies with CMS Open Data}",
      journal        = "Phys. Rev.",
      volume         = "D96",
      year           = "2017",
      number         = "7",
      pages          = "074003",
      doi            = "10.1103/PhysRevD.96.074003",
      eprint         = "1704.05842",
      archivePrefix  = "arXiv",
      primaryClass   = "hep-ph",
      reportNumber   = "MIT-CTP-4890",
      SLACcitation   = "%%CITATION = ARXIV:1704.05842;%%"
}

@article{Badea:2019vey,
    author = "Badea, Anthony and Baty, Austin and Chang, Paoti and Innocenti, Gian Michele and Maggi, Marcello and Mcginn, Christopher and Peters, Michael and Sheng, Tzu-An and Thaler, Jesse and Lee, Yen-Jie",
    title = "{Measurements of two-particle correlations in $e^+e^-$ collisions at 91 GeV with ALEPH archived data}",
    eprint = "1906.00489",
    archivePrefix = "arXiv",
    primaryClass = "hep-ex",
    reportNumber = "MITHIG-MOD-19-001",
    doi = "10.1103/PhysRevLett.123.212002",
    journal = "Phys. Rev. Lett.",
    volume = "123",
    number = "21",
    pages = "212002",
    year = "2019"
}

@article{Barate:1996fi,
      author         = "Barate, R. and others",
      title          = "{Studies of quantum chromodynamics with the ALEPH
                        detector}",
      collaboration  = "ALEPH",
      journal        = "Phys. Rept.",
      volume         = "294",
      year           = "1998",
      pages          = "1-165",
      doi            = "10.1016/S0370-1573(97)00045-8",
      reportNumber   = "CERN-PPE-96-186",
      SLACcitation   = "%%CITATION = PRPLC,294,1;%%"
}

@article{Cacciari:2011ma,
    author = "Cacciari, Matteo and Salam, Gavin P. and Soyez, Gregory",
    title = "{FastJet User Manual}",
    eprint = "1111.6097",
    archivePrefix = "arXiv",
    primaryClass = "hep-ph",
    reportNumber = "CERN-PH-TH-2011-297",
    doi = "10.1140/epjc/s10052-012-1896-2",
    journal = "Eur. Phys. J. C",
    volume = "72",
    pages = "1896",
    year = "2012"
}

@article{Cacciari:2005hq,
    author = "Cacciari, Matteo and Salam, Gavin P.",
    title = "{Dispelling the $N^{3}$ myth for the $k_t$ jet-finder}",
    eprint = "hep-ph/0512210",
    archivePrefix = "arXiv",
    reportNumber = "LPTHE-05-32",
    doi = "10.1016/j.physletb.2006.08.037",
    journal = "Phys. Lett. B",
    volume = "641",
    pages = "57--61",
    year = "2006"
}

@article{Ajitanand:2005jj,
 author = {Ajitanand, N. N. and Alexander, J. M. and Chung, P. and Holzmann, W. G. and Issah, M. and Lacey, Roy A. and Shevel, A. and Taranenko, A. and Danielewicz, P.},
  journal = {Phys. Rev. C},
  volume = {72},
  issue = {1},
  pages = {011902(R)},
  numpages = {5},
  year = {2005},
  month = {Jul},
  publisher = {American Physical Society},
  doi = {10.1103/PhysRevC.72.011902},
  url = {https://link.aps.org/doi/10.1103/PhysRevC.72.011902}
}

@article{Aad:2015gqa,
      author         = "Aad, Georges and others",
      title          = "{Observation of Long-Range Elliptic Azimuthal
                        Anisotropies in $\sqrt{s}=$13 and 2.76 TeV $pp$
                        Collisions with the ATLAS Detector}",
      collaboration  = "ATLAS",
      journal        = "Phys. Rev. Lett.",
      volume         = "116",
      year           = "2016",
      number         = "17",
      pages          = "172301",
      doi            = "10.1103/PhysRevLett.116.172301",
      eprint         = "1509.04776",
      archivePrefix  = "arXiv",
      primaryClass   = "hep-ex",
      reportNumber   = "CERN-PH-EP-2015-251",
      SLACcitation   = "%%CITATION = ARXIV:1509.04776;%%"
}
@article{Sjostrand:2000wi,
      author         = "Sjostrand, Torbjorn and Eden, Patrik and Friberg,
                        Christer and Lonnblad, Leif and Miu, Gabriela and Mrenna,
                        Stephen and Norrbin, Emanuel",
      title          = "{High-energy physics event generation with PYTHIA 6.1}",
      journal        = "Comput. Phys. Commun.",
      volume         = "135",
      year           = "2001",
      pages          = "238-259",
      doi            = "10.1016/S0010-4655(00)00236-8",
      eprint         = "hep-ph/0010017",
      archivePrefix  = "arXiv",
      primaryClass   = "hep-ph",
      reportNumber   = "LU-TP-00-30",
      SLACcitation   = "%%CITATION = HEP-PH/0010017;%%"
}

@article{Nagle:2017sjv,
  title = {Minimal conditions for collectivity in ${e}^{+}{e}^{\ensuremath{-}}$ and $p+p$ collisions},
  author = {Nagle, J. L and Belmont, Ron and Hill, Kurt and Koop, Javier Orjuela and Perepelitsa, Dennis V. and Yin, Pengqi and Lin, Zi-Wei and McGlinchey, Darren},
  journal = {Phys. Rev. C},
  volume = {97},
  issue = {2},
  pages = {024909},
  numpages = {7},
  year = {2018},
  month = {Feb},
  publisher = {American Physical Society},
  doi = {10.1103/PhysRevC.97.024909},
  url = {https://link.aps.org/doi/10.1103/PhysRevC.97.024909}
}

}
@article{Barate:1996fi,
      author         = "Barate, R. and others",
      title          = "{Studies of quantum chromodynamics with the ALEPH
                        detector}",
      collaboration  = "ALEPH",
      journal        = "Phys. Rept.",
      volume         = "294",
      year           = "1998",
      pages          = "1-165",
      doi            = "10.1016/S0370-1573(97)00045-8",
      reportNumber   = "CERN-PPE-96-186",
      SLACcitation   = "%%CITATION = PRPLC,294,1;%%"
}

@article{Decamp:1990jra,
      author         = "Decamp, D. and others",
      title          = "{ALEPH: A detector for electron-positron annnihilations
                        at LEP}",
      collaboration  = "ALEPH",
      journal        = "Nucl. Instrum. Meth.",
      volume         = "A294",
      year           = "1990",
      pages          = "121-178",
      doi            = "10.1016/0168-9002(90)91831-U",
      note           = "[Erratum: Nucl. Instrum. Meth.A303,393(1991)]",
      reportNumber   = "CERN-EP-90-25",
      SLACcitation   = "%%CITATION = NUIMA,A294,121;%%"
}

@article{Tripathee:2017ybi,
      author         = "Tripathee, Aashish and Xue, Wei and Larkoski, Andrew and
                        Marzani, Simone and Thaler, Jesse",
      title          = "{Jet Substructure Studies with CMS Open Data}",
      journal        = "Phys. Rev.",
      volume         = "D96",
      year           = "2017",
      number         = "7",
      pages          = "074003",
      doi            = "10.1103/PhysRevD.96.074003",
      eprint         = "1704.05842",
      archivePrefix  = "arXiv",
      primaryClass   = "hep-ph",
      reportNumber   = "MIT-CTP-4890",
      SLACcitation   = "%%CITATION = ARXIV:1704.05842;%%"
}

@article{He:2015hfa,
      author         = "He, Liang and Edmonds, Terrence and Lin, Zi-Wei and Liu,
                        Feng and Molnar, Denes and Wang, Fuqiang",
      title          = "{Anisotropic parton escape is the dominant source of
                        azimuthal anisotropy in transport models}",
      journal        = "Phys. Lett.",
      volume         = "B753",
      year           = "2016",
      pages          = "506-510",
      doi            = "10.1016/j.physletb.2015.12.051",
      eprint         = "1502.05572",
      archivePrefix  = "arXiv",
      primaryClass   = "nucl-th",
      SLACcitation   = "%%CITATION = ARXIV:1502.05572;%%"
}

@article{Adare:2013piz,
      author         = "Adare, A. and others",
      title          = "{Quadrupole Anisotropy in Dihadron Azimuthal Correlations
                        in Central $d$$+$Au Collisions at $\sqrt{s_{_{NN}}}$=200
                        GeV}",
      collaboration  = "PHENIX",
      journal        = "Phys. Rev. Lett.",
      volume         = "111",
      year           = "2013",
      number         = "21",
      pages          = "212301",
      doi            = "10.1103/PhysRevLett.111.212301",
      eprint         = "1303.1794",
      archivePrefix  = "arXiv",
      primaryClass   = "nucl-ex",
      SLACcitation   = "%%CITATION = ARXIV:1303.1794;%%"
}

@article{Nagle:2018nvi,
      author         = "Nagle, James L. and Zajc, William A.",
      title          = "{Small System Collectivity in Relativistic Hadronic and
                        Nuclear Collisions}",
      journal        = "Ann. Rev. Nucl. Part. Sci.",
      volume         = "68",
      year           = "2018",
      pages          = "211-235",
      doi            = "10.1146/annurev-nucl-101916-123209",
      eprint         = "1801.03477",
      archivePrefix  = "arXiv",
      primaryClass   = "nucl-ex",
      SLACcitation   = "%%CITATION = ARXIV:1801.03477;%%"
}

@article{Ollitrault:1992bk,
      author         = "Ollitrault, Jean-Yves",
      title          = "{Anisotropy as a signature of transverse collective
                        flow}",
      journal        = "Phys. Rev.",
      volume         = "D46",
      year           = "1992",
      pages          = "229-245",
      doi            = "10.1103/PhysRevD.46.229",
      reportNumber   = "SACLAY-SPH-T-92-016",
      SLACcitation   = "%%CITATION = PHRVA,D46,229;%%"
}
@article{Back:2004je,
      author         = "Back, B. B. and others",
      title          = "{The PHOBOS perspective on discoveries at RHIC}",
      journal        = "Nucl. Phys.",
      volume         = "A757",
      year           = "2005",
      pages          = "28-101",
      doi            = "10.1016/j.nuclphysa.2005.03.084",
      eprint         = "nucl-ex/0410022",
      archivePrefix  = "arXiv",
      primaryClass   = "nucl-ex",
      SLACcitation   = "%%CITATION = NUCL-EX/0410022;%%"
}

@article{Arsene:2004fa,
      author         = "Arsene, I. and others",
      title          = "{Quark gluon plasma and color glass condensate at RHIC?
                        The Perspective from the BRAHMS experiment}",
      collaboration  = "BRAHMS",
      journal        = "Nucl. Phys.",
      volume         = "A757",
      year           = "2005",
      pages          = "1-27",
      doi            = "10.1016/j.nuclphysa.2005.02.130",
      eprint         = "nucl-ex/0410020",
      archivePrefix  = "arXiv",
      primaryClass   = "nucl-ex",
      SLACcitation   = "%%CITATION = NUCL-EX/0410020;%%"
}

@article{Adcox:2004mh,
      author         = "Adcox, K. and others",
      title          = "{Formation of dense partonic matter in relativistic
                        nucleus-nucleus collisions at RHIC: Experimental
                        evaluation by the PHENIX collaboration}",
      collaboration  = "PHENIX",
      journal        = "Nucl. Phys.",
      volume         = "A757",
      year           = "2005",
      pages          = "184-283",
      doi            = "10.1016/j.nuclphysa.2005.03.086",
      eprint         = "nucl-ex/0410003",
      archivePrefix  = "arXiv",
      primaryClass   = "nucl-ex",
      SLACcitation   = "%%CITATION = NUCL-EX/0410003;%%"
}

@article{Adams:2005dq,
      author         = "Adams, John and others",
      title          = "{Experimental and theoretical challenges in the search
                        for the quark gluon plasma: The STAR Collaboration's
                        critical assessment of the evidence from RHIC collisions}",
      collaboration  = "STAR",
      journal        = "Nucl. Phys.",
      volume         = "A757",
      year           = "2005",
      pages          = "102-183",
      doi            = "10.1016/j.nuclphysa.2005.03.085",
      eprint         = "nucl-ex/0501009",
      archivePrefix  = "arXiv",
      primaryClass   = "nucl-ex",
      SLACcitation   = "%%CITATION = NUCL-EX/0501009;%%"
}


@article{Khachatryan:2010gv,
      author         = "Khachatryan, Vardan and others",
      title          = "{Observation of Long-Range Near-Side Angular Correlations
                        in Proton-Proton Collisions at the LHC}",
      collaboration  = "CMS",
      journal        = "JHEP",
      volume         = "09",
      year           = "2010",
      pages          = "091",
      doi            = "10.1007/JHEP09(2010)091",
      eprint         = "1009.4122",
      archivePrefix  = "arXiv",
      primaryClass   = "hep-ex",
      reportNumber   = "CMS-QCD-10-002, CERN-PH-EP-2010-031",
      SLACcitation   = "%%CITATION = ARXIV:1009.4122;%%"
}

@article{CMS:2012qk,
      author         = "Chatrchyan, Serguei and others",
      title          = "{Observation of long-range near-side angular correlations
                        in proton-lead collisions at the LHC}",
      collaboration  = "CMS",
      journal        = "Phys. Lett.",
      volume         = "B718",
      year           = "2013",
      pages          = "795-814",
      doi            = "10.1016/j.physletb.2012.11.025",
      eprint         = "1210.5482",
      archivePrefix  = "arXiv",
      primaryClass   = "nucl-ex",
      reportNumber   = "CMS-HIN-12-005, CERN-PH-EP-2012-320, CMS-HIN-12-015",
      SLACcitation   = "%%CITATION = ARXIV:1210.5482;%%"
}

@article{Aamodt:2010pa,
      author         = "Aamodt, K and others",
      title          = "{Elliptic flow of charged particles in Pb-Pb collisions
                        at 2.76 TeV}",
      collaboration  = "ALICE",
      journal        = "Phys. Rev. Lett.",
      volume         = "105",
      year           = "2010",
      pages          = "252302",
      doi            = "10.1103/PhysRevLett.105.252302",
      eprint         = "1011.3914",
      archivePrefix  = "arXiv",
      primaryClass   = "nucl-ex",
      SLACcitation   = "%%CITATION = ARXIV:1011.3914;%%"
}
@article{Chatrchyan:2012wg,
      author         = "Chatrchyan, Serguei and others",
      title          = "{Centrality dependence of dihadron correlations and
                        azimuthal anisotropy harmonics in PbPb collisions at
                        $\sqrt{s_{NN}}=2.76$ TeV}",
      collaboration  = "CMS",
      journal        = "Eur. Phys. J.",
      volume         = "C72",
      year           = "2012",
      pages          = "2012",
      doi            = "10.1140/epjc/s10052-012-2012-3",
      eprint         = "1201.3158",
      archivePrefix  = "arXiv",
      primaryClass   = "nucl-ex",
      reportNumber   = "CMS-HIN-11-006, CERN-PH-EP-2011-222",
      SLACcitation   = "%%CITATION = ARXIV:1201.3158;%%"
}

@article{Adamczyk:2012ku,
      author         = "Adamczyk, L. and others",
      title          = "{Inclusive charged hadron elliptic flow in Au + Au
                        collisions at $\sqrt{s_{NN}}$ = 7.7 - 39 GeV}",
      collaboration  = "STAR",
      journal        = "Phys. Rev.",
      volume         = "C86",
      year           = "2012",
      pages          = "054908",
      doi            = "10.1103/PhysRevC.86.054908",
      eprint         = "1206.5528",
      archivePrefix  = "arXiv",
      primaryClass   = "nucl-ex",
      SLACcitation   = "%%CITATION = ARXIV:1206.5528;%%"
}

@article{Alver:2010gr,
      author         = "Alver, B. and Roland, G.",
      title          = "{Collision geometry fluctuations and triangular flow in
                        heavy-ion collisions}",
      journal        = "Phys. Rev.",
      volume         = "C81",
      year           = "2010",
      pages          = "054905",
      doi            = "10.1103/PhysRevC.82.039903, 10.1103/PhysRevC.81.054905",
      note           = "[Erratum: Phys. Rev.C82,039903(2010)]",
      eprint         = "1003.0194",
      archivePrefix  = "arXiv",
      primaryClass   = "nucl-th",
      SLACcitation   = "%%CITATION = ARXIV:1003.0194;%%"
}

@article{Dusling:2013qoz,
      author         = "Dusling, Kevin and Venugopalan, Raju",
      title          = "{Comparison of the color glass condensate to dihadron
                        correlations in proton-proton and proton-nucleus
                        collisions}",
      journal        = "Phys. Rev.",
      volume         = "D87",
      year           = "2013",
      number         = "9",
      pages          = "094034",
      doi            = "10.1103/PhysRevD.87.094034",
      eprint         = "1302.7018",
      archivePrefix  = "arXiv",
      primaryClass   = "hep-ph",
      SLACcitation   = "%%CITATION = ARXIV:1302.7018;%%"
}

@article{Gelis:2010nm,
      author         = "Gelis, Francois and Iancu, Edmond and Jalilian-Marian,
                        Jamal and Venugopalan, Raju",
      title          = "{The Color Glass Condensate}",
      journal        = "Ann. Rev. Nucl. Part. Sci.",
      volume         = "60",
      year           = "2010",
      pages          = "463-489",
      doi            = "10.1146/annurev.nucl.010909.083629",
      eprint         = "1002.0333",
      archivePrefix  = "arXiv",
      primaryClass   = "hep-ph",
      SLACcitation   = "%%CITATION = ARXIV:1002.0333;%%"
}

@article{Dusling:2015gta,
      author         = "Dusling, Kevin and Li, Wei and Schenke, Bjˆrn",
      title          = "{Novel collective phenomena in high-energy
                        proton?proton and proton?nucleus collisions}",
      journal        = "Int. J. Mod. Phys.",
      volume         = "E25",
      year           = "2016",
      number         = "01",
      pages          = "1630002",
      doi            = "10.1142/S0218301316300022",
      eprint         = "1509.07939",
      archivePrefix  = "arXiv",
      primaryClass   = "nucl-ex",
      SLACcitation   = "%%CITATION = ARXIV:1509.07939;%%"
}


@article{Bzdak:2013zma,
      author         = "Bzdak, Adam and Schenke, Bjoern and Tribedy, Prithwish
                        and Venugopalan, Raju",
      title          = "{Initial state geometry and the role of hydrodynamics in
                        proton-proton, proton-nucleus and deuteron-nucleus
                        collisions}",
      journal        = "Phys. Rev.",
      volume         = "C87",
      year           = "2013",
      number         = "6",
      pages          = "064906",
      doi            = "10.1103/PhysRevC.87.064906",
      eprint         = "1304.3403",
      archivePrefix  = "arXiv",
      primaryClass   = "nucl-th",
      SLACcitation   = "%%CITATION = ARXIV:1304.3403;%%"
}

@article{Abelev:2012ola,
      author         = "Abelev, Betty and others",
      title          = "{Long-range angular correlations on the near and away
                        side in $p$-Pb collisions at $\sqrt{s_{NN}}=5.02$ TeV}",
      collaboration  = "ALICE",
      journal        = "Phys. Lett.",
      volume         = "B719",
      year           = "2013",
      pages          = "29-41",
      doi            = "10.1016/j.physletb.2013.01.012",
      eprint         = "1212.2001",
      archivePrefix  = "arXiv",
      primaryClass   = "nucl-ex",
      reportNumber   = "CERN-PH-EP-2012-359",
      SLACcitation   = "%%CITATION = ARXIV:1212.2001;%%"
}

@article{Aad:2012gla,
      author         = "Aad, Georges and others",
      title          = "{Observation of Associated Near-Side and Away-Side
                        Long-Range Correlations in $\sqrt{s_{NN}}$=5.02??TeV
                        Proton-Lead Collisions with the ATLAS Detector}",
      collaboration  = "ATLAS",
      journal        = "Phys. Rev. Lett.",
      volume         = "110",
      year           = "2013",
      number         = "18",
      pages          = "182302",
      doi            = "10.1103/PhysRevLett.110.182302",
      eprint         = "1212.5198",
      archivePrefix  = "arXiv",
      primaryClass   = "hep-ex",
      reportNumber   = "CERN-PH-EP-2012-366",
      SLACcitation   = "%%CITATION = ARXIV:1212.5198;%%"
}

@article{Heister:2003aj,
      author         = "Heister, A. and others",
      title          = "{Studies of QCD at e+ e- centre-of-mass energies between
                        91-GeV and 209-GeV}",
      collaboration  = "ALEPH",
      journal        = "Eur. Phys. J.",
      volume         = "C35",
      year           = "2004",
      pages          = "457-486",
      doi            = "10.1140/epjc/s2004-01891-4",
      reportNumber   = "CERN-EP-2003-084",
      SLACcitation   = "%%CITATION = EPHJA,C35,457;%%"
}

@article{Buskulic:1995sw,
      author         = "Buskulic, D. and others",
      title          = "{Quark and gluon jet properties in symmetric three jet
                        events}",
      collaboration  = "ALEPH",
      journal        = "Phys. Lett.",
      volume         = "B384",
      year           = "1996",
      pages          = "353-364",
      doi            = "10.1016/0370-2693(96)00849-0",
      reportNumber   = "CERN-PPE-95-184",
      SLACcitation   = "%%CITATION = PHLTA,B384,353;%%"
}

@article{Bozek:2011if,
      author         = "Bozek, Piotr",
      title          = "{Collective flow in p-Pb and d-Pd collisions at TeV
                        energies}",
      journal        = "Phys. Rev.",
      volume         = "C85",
      year           = "2012",
      pages          = "014911",
      doi            = "10.1103/PhysRevC.85.014911",
      eprint         = "1112.0915",
      archivePrefix  = "arXiv",
      primaryClass   = "hep-ph",
      SLACcitation   = "%%CITATION = ARXIV:1112.0915;%%"
}


@article{efron1979,
author = "Efron, B.",
doi = "10.1214/aos/1176344552",
fjournal = "The Annals of Statistics",
journal = "Ann. Statist.",
month = "01",
number = "1",
pages = "1--26",
publisher = "The Institute of Mathematical Statistics",
title = "Bootstrap Methods: Another Look at the Jackknife",
url = "https://doi.org/10.1214/aos/1176344552",
volume = "7",
year = "1979"
}

@article{Aaij:2015qcq,
      author         = "Aaij, Roel and others",
      title          = "{Measurements of long-range near-side angular
                        correlations in $\sqrt{s_{\text{NN}}}=5$TeV proton-lead
                        collisions in the forward region}",
      collaboration  = "LHCb",
      journal        = "Phys. Lett.",
      volume         = "B762",
      year           = "2016",
      pages          = "473-483",
      doi            = "10.1016/j.physletb.2016.09.064",
      eprint         = "1512.00439",
      archivePrefix  = "arXiv",
      primaryClass   = "nucl-ex",
      reportNumber   = "LHCB-PAPER-2015-040, CERN-PH-EP-2015-308",
      SLACcitation   = "%%CITATION = ARXIV:1512.00439;%%"
}

@article{Sjostrand:2014zea,
      author         = "Sjöstrand, Torbjörn and Ask, Stefan and Christiansen,
                        Jesper R. and Corke, Richard and Desai, Nishita and Ilten,
                        Philip and Mrenna, Stephen and Prestel, Stefan and
                        Rasmussen, Christine O. and Skands, Peter Z.",
      title          = "{An Introduction to PYTHIA 8.2}",
      journal        = "Comput. Phys. Commun.",
      volume         = "191",
      year           = "2015",
      pages          = "159-177",
      doi            = "10.1016/j.cpc.2015.01.024",
      eprint         = "1410.3012",
      archivePrefix  = "arXiv",
      primaryClass   = "hep-ph",
      reportNumber   = "LU-TP-14-36, MCNET-14-22, CERN-PH-TH-2014-190,
                        FERMILAB-PUB-14-316-CD, DESY-14-178, SLAC-PUB-16122",
      SLACcitation   = "%%CITATION = ARXIV:1410.3012;%%"
}

@article{Bellm:2015jjp,
      author         = "Bellm, Johannes and others",
      title          = "{Herwig 7.0/Herwig++ 3.0 release note}",
      journal        = "Eur. Phys. J.",
      volume         = "C76",
      year           = "2016",
      number         = "4",
      pages          = "196",
      doi            = "10.1140/epjc/s10052-016-4018-8",
      eprint         = "1512.01178",
      archivePrefix  = "arXiv",
      primaryClass   = "hep-ph",
      reportNumber   = "CERN-PH-TH-2015-289, MAN-HEP-2015-15, IFJPAN-IV-2015-13,
                        KA-TP-18-2015, DCPT-15-142, MCNET-15-28, IPPP-15-71,
                        HERWIG-2015-01",
      SLACcitation   = "%%CITATION = ARXIV:1512.01178;%%"
}

@article{Gleisberg:2008ta,
      author         = "Gleisberg, T. and Hoeche, Stefan. and Krauss, F. and
                        Schonherr, M. and Schumann, S. and Siegert, F. and Winter,
                        J.",
      title          = "{Event generation with SHERPA 1.1}",
      journal        = "JHEP",
      volume         = "02",
      year           = "2009",
      pages          = "007",
      doi            = "10.1088/1126-6708/2009/02/007",
      eprint         = "0811.4622",
      archivePrefix  = "arXiv",
      primaryClass   = "hep-ph",
      reportNumber   = "FERMILAB-PUB-08-477-T, SLAC-PUB-13420, ZU-TH-17-08,
                        DCPT-08-138, IPPP-08-69, EDINBURGH-2008-30, MCNET-08-14",
      SLACcitation   = "%%CITATION = ARXIV:0811.4622;%%"
}

@article{Khachatryan:2015lva,
      author         = "Khachatryan, Vardan and others",
      title          = "{Measurement of long-range near-side two-particle angular
                        correlations in pp collisions at $\sqrt s =$13 TeV}",
      collaboration  = "CMS",
      journal        = "Phys. Rev. Lett.",
      volume         = "116",
      year           = "2016",
      number         = "17",
      pages          = "172302",
      doi            = "10.1103/PhysRevLett.116.172302",
      eprint         = "1510.03068",
      archivePrefix  = "arXiv",
      primaryClass   = "nucl-ex",
      reportNumber   = "CMS-FSQ-15-002, CERN-PH-EP-2015-271",
      SLACcitation   = "%%CITATION = ARXIV:1510.03068;%%"
}

@article{Aaboud:2016yar,
      author         = "Aaboud, Morad and others",
      title          = "{Measurements of long-range azimuthal anisotropies and
                        associated Fourier coefficients for $pp$ collisions at
                        $\sqrt{s}=5.02$ and $13$ TeV and $p$+Pb collisions at
                        $\sqrt{s_{\mathrm{NN}}}=5.02$ TeV with the ATLAS
                        detector}",
      collaboration  = "ATLAS",
      journal        = "Phys. Rev.",
      volume         = "C96",
      year           = "2017",
      number         = "2",
      pages          = "024908",
      doi            = "10.1103/PhysRevC.96.024908",
      eprint         = "1609.06213",
      archivePrefix  = "arXiv",
      primaryClass   = "nucl-ex",
      reportNumber   = "CERN-EP-2016-200",
      SLACcitation   = "%%CITATION = ARXIV:1609.06213;%%"
}

@article{Farhi:1977sg,
      author         = "Farhi, Edward",
      title          = "{A QCD Test for Jets}",
      journal        = "Phys. Rev. Lett.",
      volume         = "39",
      year           = "1977",
      pages          = "1587-1588",
      doi            = "10.1103/PhysRevLett.39.1587",
      reportNumber   = "HUTP-77-A059",
      SLACcitation   = "%%CITATION = PRLTA,39,1587;%%"
}

@article{Reichelt:2017hts,
      author         = "Reichelt, Daniel and Richardson, Peter and Siodmok,
                        Andrzej",
      title          = "{Improving the Simulation of Quark and Gluon Jets with
                        Herwig 7}",
      journal        = "Eur. Phys. J.",
      volume         = "C77",
      year           = "2017",
      number         = "12",
      pages          = "876",
      doi            = "10.1140/epjc/s10052-017-5374-8",
      eprint         = "1708.01491",
      archivePrefix  = "arXiv",
      primaryClass   = "hep-ph",
      reportNumber   = "CERN-TH-2017-174, IFJPAN-IV-2017-16, MCNET-17-13",
      SLACcitation   = "%%CITATION = ARXIV:1708.01491;%%"
}

@article{Khachatryan:2016txc,
      author         = "Khachatryan, Vardan and others",
      title          = "{Evidence for collectivity in pp collisions at the LHC}",
      collaboration  = "CMS",
      journal        = "Phys. Lett.",
      volume         = "B765",
      year           = "2017",
      pages          = "193-220",
      doi            = "10.1016/j.physletb.2016.12.009",
      eprint         = "1606.06198",
      archivePrefix  = "arXiv",
      primaryClass   = "nucl-ex",
      reportNumber   = "CMS-HIN-16-010, CERN-EP-2016-147",
      SLACcitation   = "%%CITATION = ARXIV:1606.06198;%%"
}

@article{Alver:2010gr,
      author         = "Alver, B. and Roland, G.",
      title          = "{Collision geometry fluctuations and triangular flow in
                        heavy-ion collisions}",
      journal        = "Phys. Rev.",
      volume         = "C81",
      year           = "2010",
      pages          = "054905",
      doi            = "10.1103/PhysRevC.82.039903, 10.1103/PhysRevC.81.054905",
      note           = "[Erratum: Phys. Rev.C82,039903(2010)]",
      eprint         = "1003.0194",
      archivePrefix  = "arXiv",
      primaryClass   = "nucl-th",
      SLACcitation   = "%%CITATION = ARXIV:1003.0194;%%"
}

@article{Ackermann:2000tr,
      author         = "Ackermann, K. H. and others",
      title          = "{Elliptic flow in Au + Au collisions at (S(NN))**(1/2) =
                        130 GeV}",
      collaboration  = "STAR",
      journal        = "Phys. Rev. Lett.",
      volume         = "86",
      year           = "2001",
      pages          = "402-407",
      doi            = "10.1103/PhysRevLett.86.402",
      eprint         = "nucl-ex/0009011",
      archivePrefix  = "arXiv",
      primaryClass   = "nucl-ex",
      SLACcitation   = "%%CITATION = NUCL-EX/0009011;%%"
}

@article{Voloshin:1994mz,
      author         = "Voloshin, S. and Zhang, Y.",
      title          = "{Flow study in relativistic nuclear collisions by Fourier
                        expansion of Azimuthal particle distributions}",
      journal        = "Z. Phys.",
      volume         = "C70",
      year           = "1996",
      pages          = "665-672",
      doi            = "10.1007/s002880050141",
      eprint         = "hep-ph/9407282",
      archivePrefix  = "arXiv",
      primaryClass   = "hep-ph",
      SLACcitation   = "%%CITATION = HEP-PH/9407282;%%"
}

@article{Poskanzer:1998yz,
      author         = "Poskanzer, Arthur M. and Voloshin, S. A.",
      title          = "{Methods for analyzing anisotropic flow in relativistic
                        nuclear collisions}",
      journal        = "Phys. Rev.",
      volume         = "C58",
      year           = "1998",
      pages          = "1671-1678",
      doi            = "10.1103/PhysRevC.58.1671",
      eprint         = "nucl-ex/9805001",
      archivePrefix  = "arXiv",
      primaryClass   = "nucl-ex",
      SLACcitation   = "%%CITATION = NUCL-EX/9805001;%%"
}

@article{Ollitrault:1992bk,
      author         = "Ollitrault, Jean-Yves",
      title          = "{Anisotropy as a signature of transverse collective
                        flow}",
      journal        = "Phys. Rev.",
      volume         = "D46",
      year           = "1992",
      pages          = "229-245",
      doi            = "10.1103/PhysRevD.46.229",
      reportNumber   = "SACLAY-SPH-T-92-016",
      SLACcitation   = "%%CITATION = PHRVA,D46,229;%%"
}

@article{Adler:2002tq,
      author         = "Adler, C. and others",
      title          = "{Disappearance of back-to-back high $p_{T}$ hadron
                        correlations in central Au+Au collisions at
                        $\sqrt{s_{NN}}$ = 200-GeV}",
      collaboration  = "STAR",
      journal        = "Phys. Rev. Lett.",
      volume         = "90",
      year           = "2003",
      pages          = "082302",
      doi            = "10.1103/PhysRevLett.90.082302",
      eprint         = "nucl-ex/0210033",
      archivePrefix  = "arXiv",
      primaryClass   = "nucl-ex",
      SLACcitation   = "%%CITATION = NUCL-EX/0210033;%%"
}

@article{Adare:2008ae,
      author         = "Adare, A. and others",
      title          = "{Dihadron azimuthal correlations in Au+Au collisions at
                        s(NN)**(1/2) = 200-GeV}",
      collaboration  = "PHENIX",
      journal        = "Phys. Rev.",
      volume         = "C78",
      year           = "2008",
      pages          = "014901",
      doi            = "10.1103/PhysRevC.78.014901",
      eprint         = "0801.4545",
      archivePrefix  = "arXiv",
      primaryClass   = "nucl-ex",
      SLACcitation   = "%%CITATION = ARXIV:0801.4545;%%"
}


@article{Sirunyan:2017pan,
      author         = "Sirunyan, A. M. and others",
      title          = "{Azimuthal anisotropy of charged particles with
                        transverse momentum up to 100 GeV/ c in PbPb collisions
                        at $\sqrt {s}_{{NN}}$=5.02 TeV}",
      collaboration  = "CMS",
      journal        = "Phys. Lett.",
      volume         = "B776",
      year           = "2018",
      pages          = "195-216",
      doi            = "10.1016/j.physletb.2017.11.041",
      eprint         = "1702.00630",
      archivePrefix  = "arXiv",
      primaryClass   = "hep-ex",
      reportNumber   = "CMS-HIN-15-014, CERN-EP-2017-001",
      SLACcitation   = "%%CITATION = ARXIV:1702.00630;%%"
}

@article{Kogler:2018hem,
    author = "Kogler, Roman and others",
    title = "{Jet Substructure at the Large Hadron Collider: Experimental Review}",
    eprint = "1803.06991",
    archivePrefix = "arXiv",
    primaryClass = "hep-ex",
    reportNumber = "FERMILAB-PUB-18-123-PPD",
    doi = "10.1103/RevModPhys.91.045003",
    journal = "Rev. Mod. Phys.",
    volume = "91",
    number = "4",
    pages = "045003",
    year = "2019"
}

@article{Larkoski:2017jix,
    author = "Larkoski, Andrew J. and Moult, Ian and Nachman, Benjamin",
    title = "{Jet Substructure at the Large Hadron Collider: A Review of Recent Advances in Theory and Machine Learning}",
    eprint = "1709.04464",
    archivePrefix = "arXiv",
    primaryClass = "hep-ph",
    doi = "10.1016/j.physrep.2019.11.001",
    journal = "Phys. Rept.",
    volume = "841",
    pages = "1--63",
    year = "2020"
}

@article{Andrews:2018jcm,
    author = "Andrews, Harry Arthur and others",
    title = "{Novel tools and observables for jet physics in heavy-ion collisions}",
    eprint = "1808.03689",
    archivePrefix = "arXiv",
    primaryClass = "hep-ph",
    reportNumber = "CERN-TH-2018-186, LU-TP 18-14, IFJPAN-IV-2018-8, MCNET-18-19",
    doi = "10.1088/1361-6471/ab7cbc",
    journal = "J. Phys. G",
    volume = "47",
    number = "6",
    pages = "065102",
    year = "2020"
}

@article{Cao:2020wlm,
    author = "Cao, Shanshan and Wang, Xin-Nian",
    title = "{Jet quenching and medium response in high-energy heavy-ion collisions: a review}",
    eprint = "2002.04028",
    archivePrefix = "arXiv",
    primaryClass = "hep-ph",
    doi = "10.1088/1361-6633/abc22b",
    journal = "Rept. Prog. Phys.",
    volume = "84",
    number = "2",
    pages = "024301",
    year = "2021"
}

@article{Skands:2014pea,
    author = "Skands, Peter and Carrazza, Stefano and Rojo, Juan",
    title = "{Tuning PYTHIA 8.1: the Monash 2013 Tune}",
    eprint = "1404.5630",
    archivePrefix = "arXiv",
    primaryClass = "hep-ph",
    reportNumber = "CERN-PH-TH-2014-069, MCNET-14-08, OUTP-14-05P",
    doi = "10.1140/epjc/s10052-014-3024-y",
    journal = "Eur. Phys. J. C",
    volume = "74",
    number = "8",
    pages = "3024",
    year = "2014"
}

@article{CMS:2011iwn,
    author = "Chatrchyan, Serguei and others",
    collaboration = "CMS",
    title = "{Observation and studies of jet quenching in PbPb collisions at nucleon-nucleon center-of-mass energy = 2.76 TeV}",
    eprint = "1102.1957",
    archivePrefix = "arXiv",
    primaryClass = "nucl-ex",
    reportNumber = "CERN-PH-EP-2011-001, CMS-HIN-10-004",
    doi = "10.1103/PhysRevC.84.024906",
    journal = "Phys. Rev. C",
    volume = "84",
    pages = "024906",
    year = "2011"
}

@article{ATLAS:2010isq,
    author = "Aad, Georges and others",
    collaboration = "ATLAS",
    title = "{Observation of a Centrality-Dependent Dijet Asymmetry in Lead-Lead Collisions at $\sqrt{s_{NN}}=2.77$ TeV with the ATLAS Detector at the LHC}",
    eprint = "1011.6182",
    archivePrefix = "arXiv",
    primaryClass = "hep-ex",
    doi = "10.1103/PhysRevLett.105.252303",
    journal = "Phys. Rev. Lett.",
    volume = "105",
    pages = "252303",
    year = "2010"
}

@article{Bjorken:1982tu,
    author = "Bjorken, J. D.",
    title = "{Energy Loss of Energetic Partons in Quark - Gluon Plasma: Possible Extinction of High p(t) Jets in Hadron - Hadron Collisions}",
    reportNumber = "FERMILAB-PUB-82-059-THY, FERMILAB-PUB-82-059-T",
    month = "8",
    year = "1982"
}

@article{Lokhtin:2005px,
    author = "Lokhtin, I. P. and Snigirev, A. M.",
    title = "{A Model of jet quenching in ultrarelativistic heavy ion collisions and high-p(T) hadron spectra at RHIC}",
    eprint = "hep-ph/0506189",
    archivePrefix = "arXiv",
    doi = "10.1140/epjc/s2005-02426-3",
    journal = "Eur. Phys. J. C",
    volume = "45",
    pages = "211--217",
    year = "2006"
}

@article{Cacciari:2008gp,
    author = "Cacciari, Matteo and Salam, Gavin P. and Soyez, Gregory",
    title = "{The anti-$k_t$ jet clustering algorithm}",
    eprint = "0802.1189",
    archivePrefix = "arXiv",
    primaryClass = "hep-ph",
    reportNumber = "LPTHE-07-03",
    doi = "10.1088/1126-6708/2008/04/063",
    journal = "JHEP",
    volume = "04",
    pages = "063",
    year = "2008"
}

@article{Larkoski:2014wba,
    author = "Larkoski, Andrew J. and Marzani, Simone and Soyez, Gregory and Thaler, Jesse",
    title = "{Soft Drop}",
    eprint = "1402.2657",
    archivePrefix = "arXiv",
    primaryClass = "hep-ph",
    reportNumber = "MIT-CTP-4531, DCPT-14-24, IPPP-14-12",
    doi = "10.1007/JHEP05(2014)146",
    journal = "JHEP",
    volume = "05",
    pages = "146",
    year = "2014"
}